% This file was created with JabRef 2.10.
% Encoding: UTF8


@Manual{rotary,
  Title                    = {Encoder EC11J Series},
  Author                   = {ALPS},

  Owner                    = {Vikman},
  Timestamp                = {2015.08.29}
}

@Misc{svg_raspberry,
  Title                    = {Vector illustration of a Raspberry Pi B+},

  Author                   = {Cmykey},
  HowPublished             = {Wikimedia Commons},
  Month                    = {July},
  Year                     = {2014},

  Owner                    = {Vikman},
  Timestamp                = {2015.08.29},
  Url                      = {https://commons.wikimedia.org/wiki/File:Raspberry_Pi_B%2B_illustration.svg}
}

@Manual{datasheet_lcd,
  Title                    = {FDCC2004B Character tuype dot matrix LCD module specification},
  Author                   = {Fordata Electronic Co.},
  Year                     = {2005},

  Owner                    = {Vikman},
  Timestamp                = {2015.08.29}
}

@Manual{bcm2835,
  Title                    = {BCM 2835 ARM Peripherals},
  Author                   = {Broadcom Corp.},
  Year                     = {2012},

  Owner                    = {Vikman},
  Timestamp                = {2015.08.29}
}

@Manual{mysql,
  Title                    = {MySQL 5.5 Reference Manual},
  Author                   = {Oracle Corp.},

  Owner                    = {Vikman},
  Timestamp                = {2015.08.29},
  Url                      = {http://dev.mysql.com/doc/refman/5.5/en/}
}

@Manual{php,
  Title                    = {PHP Manual},
  Author                   = {Peter Cowburn},
  Organization             = {PHP Documentation Group},
  Year                     = {2015},

  Owner                    = {Vikman},
  Timestamp                = {2015.08.29},
  Url                      = {http://php.net/manual/en/language.references.php}
}

@Misc{imagen_decoder,
  Title                    = {RF Solutions HIRK-433AP RF Receiver Decoder 433mhz},

  Author                   = {Rapid Electronics},

  Owner                    = {Vikman},
  Timestamp                = {2015.08.29},
  Url                      = {http://www.rapidonline.com/Electrical-Power/RF-Solutions-HIRK-433AP-RF-Receiver-Decoder-433mhz-43-0028}
}

@MastersThesis{mikel,
  Title                    = {Diseño e implementación de un sistema con control remoto para la automatización de un órgano eclesiástico},
  Author                   = {Mikel Aguayo Fernández},
  School                   = {Universidad de Granada},
  Year                     = {2015},

  Owner                    = {Vikman},
  Timestamp                = {2015.08.29}
}

@Article{iglesias_granada,
  Title                    = {Iglesias de la provincia de Granada},
  Author                   = {Paco Fervel},
  Journal                  = {Rincones de Granada},
  Year                     = {2015},

  Owner                    = {Vikman},
  Timestamp                = {2015.08.29},
  Url                      = {http://rinconesgranainos.blogspot.com.es/2015/01/iglesias-de-la-provincia-de-granada.html}
}

@Manual{raspberry,
  Title                    = {Raspberry Pi Hardware},
  Author                   = {Raspberry Pi Foundation},

  Owner                    = {Vikman},
  Timestamp                = {2015.08.29},
  Url                      = {https://www.raspberrypi.org/documentation/hardware/raspberrypi/README.md}
}

@Booklet{bdrel,
  Title                    = {Diseño lógico de base de datos relacionales},
  Author                   = {Fernando Berzal Galiano},

  Owner                    = {Vikman},
  Timestamp                = {2015.08.29},
  Url                      = {http://elvex.ugr.es/idbis/db/docs/design/5-logical.pdf}
}

@Article{material,
  Title                    = {Material Design},
  Author                   = {Google},

  Owner                    = {Vikman},
  Timestamp                = {2015.08.29},
  Url                      = {https://www.google.com/design/spec/material-design/introduction.html}
}

@Book{soii,
  Title                    = {Sistemas Operativos II - Guía didáctica y de trabajo autónomo},
  Author                   = {José Antonio Gómez Hernández},
  Publisher                = {José Antonio Gómez Hernández},
  Year                     = {2009},

  Owner                    = {Vikman},
  Timestamp                = {2015.08.29}
}

@Manual{shiftreg,
  Title                    = {SN74HC595 8-bit shift registers with 3-state output registers},
  Author                   = {Texas Instruments Incorporated},
  Year                     = {2009},

  Owner                    = {Vikman},
  Timestamp                = {2015.08.29}
}

@Article{wiki_fnbc,
  Title                    = {Forma normal de Boyce-Codd},
  Author                   = {Wikipedia},

  Owner                    = {Vikman},
  Timestamp                = {2015.08.29},
  Url                      = {https://es.wikipedia.org/wiki/Forma_normal_de_Boyce-Codd}
}

@Article{wiki_1fn,
  Title                    = {Primera forma normal},
  Author                   = {Wikipedia},
  Year                     = {2015},

  Owner                    = {Vikman},
  Timestamp                = {2015.08.29},
  Url                      = {https://es.wikipedia.org/wiki/Primera_forma_normal}
}

@Article{wiki_2fn,
  Title                    = {Segunda  forma normal},
  Author                   = {Wikipedia},
  Year                     = {2015},

  Owner                    = {Vikman},
  Timestamp                = {2015.08.29},
  Url                      = {https://es.wikipedia.org/wiki/Segunda_forma_normal}
}

@Article{wiki_3fn,
  Title                    = {Tercera forma normal},
  Author                   = {Wikipedia},
  Year                     = {2015},

  Owner                    = {Vikman},
  Timestamp                = {2015.08.29},
  Url                      = {https://es.wikipedia.org/wiki/Tercera_forma_normal}
}

@Article{wiki_4fn,
  Title                    = {Cuarta forma normal},
  Author                   = {Wikipedia},
  Year                     = {2015},

  Owner                    = {Vikman},
  Timestamp                = {2015.08.29},
  Url                      = {https://es.wikipedia.org/wiki/Cuarta_forma_normal}
}

@Article{wiki_5fn,
  Title                    = {Quinta forma normal},
  Author                   = {Wikipedia},
  Year                     = {2015},

  Owner                    = {Vikman},
  Timestamp                = {2015.08.29},
  Url                      = {https://es.wikipedia.org/wiki/Quinta_forma_normal}
}

@Article{wiki_cascada,
  Title                    = {Desarrollo en cascada},
  Author                   = {Wikipedia},
  Year                     = {2015},

  Owner                    = {Vikman},
  Timestamp                = {2015.08.29},
  Url                      = {https://es.wikipedia.org/wiki/Desarrollo_en_cascada}
}

@Article{wiki_midi,
  Title                    = {MIDI},
  Author                   = {Wikipedia},
  Year                     = {2015},

  Owner                    = {Vikman},
  Timestamp                = {2015.08.29},
  Url                      = {https://en.wikipedia.org/wiki/MIDI}
}

@Article{wiki_normal,
  Title                    = {Normalización de bases de datos},
  Author                   = {Wikipedia},
  Year                     = {2015},

  Owner                    = {Vikman},
  Timestamp                = {2015.08.29},
  Url                      = {https://es.wikipedia.org/wiki/Normalizaci%C3%B3n_de_bases_de_datos}
}

@Article{wiki_demonio,
  Title                    = {Daemon (computing)},
  Author                   = {Wikipedia},
  Year                     = {2014},

  Owner                    = {Vikman},
  Timestamp                = {2015.08.29},
  Url                      = {https://en.wikipedia.org/wiki/Daemon_(computing)}
}

@Manual{gpiofs,
  Title                    = {GPIO Sysfs Interface for Userspace},

  Owner                    = {Vikman},
  Timestamp                = {2015.08.29},
  Url                      = {https://www.kernel.org/doc/Documentation/gpio/sysfs.txt}
}

@Manual{w3schools,
  Title                    = {W3Schools Online Web Tutorials},
  Organization             = {Refnes Data},
  Year                     = {2015},

  Owner                    = {Vikman},
  Timestamp                = {2015.08.29}
}

@Manual{datasheet_decoder,
  Title                    = {HIRK-433 RF RECEIVER DECODER HYBRID},
  Year                     = {2008},

  Owner                    = {Vikman},
  Timestamp                = {2015.08.29}
}

@Manual{midi,
  Title                    = {Standard MIDI-File Format Spec. 1.1},
  Year                     = {2003},

  Owner                    = {Vikman},
  Timestamp                = {2015.08.29},
  Url                      = {http://www.cs.cmu.edu/~music/cmsip/readings/Standard-MIDI-file-format-updated.pdf}
}

