@book{ElectronicaDePotencia:1995,
 author = {Muhammad H. Rashid},
 title = {Electr\'onica de Potencia},
 year = {1995},
 isbn = {0-13-678996-X},
 publisher = {Pearson Educaci\'on}
}

@book{MaquinasElectronicas:2003,
 author = {Jes\'us Fraile Mora},
 title = {M\'aquinas Electr\'onicas},
 year = {2003},
 isbn = {84-481-3913-5},
 publisher = {Mc Graw Hill}
}

@MISC{cuadrosControlAbatibles:Online,
  author = {Clemsa},
  title = {Electr\'onica, Cuadros de Control, abatibles},
  year = {2008},
  url = {http://www.clemsa.es/web/productos_list.php?id_cat=86&id=1}
}


@MISC{TDMUTANcode:Online,
  author = {Clemsa},
  title = {Tarjetas decodificadoras MUTANcode 400},
  year = {2008},
  url = {http://www.clemsa.es/web/productos_list.php?id_p=38&id_cat=51&id=1}
}


@MISC{rmkMASTERcode:Online,
  author = {Clemsa},
  title = {Receptor enchufable RMK MASTERcode de 1/2 canales},
  year = {2008},
  url = {http://www.clemsa.es/web/productos_list.php?id_p=39&id_cat=57&id=1}
}

@MISC{aprimaticT11:Online,
  author = {Alsidor Automatismos},
  title = {Cuadro de maniobras Aprimatic T11 para 1 y 2 motores abatibles},
  year = {2011},
  url = {http://alsidoor-automatismos.com/cuadro-de-maniobras-aprimatic-t1e-para-1-y-2-motores-abatibles-p-34.html?zenid=f79f1341b9a4db9dd3b8b57500aec553}
}


@MISC{bandaISM:Online,
  author = {Wikipedia},
  title = {Banda ISM},
  year = {2010},
  url = {http://es.wikipedia.org/wiki/Banda_ISM}
}


@MISC{microTransmisorMUTANcode:Online,
  author = {Clemsa},
  title = {MUTANcode mitroTransmisores},
  year = {2008},
  url = {http://www.clemsa.es/web/productos_list.php?id_p=38&id_cat=50&id=1}
}



@MISC{microTransmisorMASTERcode:Online,
  author = {Clemsa},
  title = {MASTERcode mitroTransmisores},
  year = {2008},
  url = {http://www.clemsa.es/web/productos_list.php?id_p=39&id_cat=55&id=1}
}




@MISC{listaFotocelulas:Online,
  author = {Alsidoor automatismos},
  title = {Lista de fotoc\'elulas},
  year = {2011},
  url = {http://alsidoor-automatismos.com/-fotocelulas-c-28.html}
}

@MISC{defsensorFinalCarrera:Online,
  author = {ABB},
  title = {Sensor final de carrera},
  year = {2011},
  url = {http://www.abb.es/product/seitp329/c3b01929b7ddfa49c12570530024da0a.aspx}
}

@MISC{ibericaDeAutomatismos:Online,
  author = {Company Ib\'erica Automatismos},
  title = {Finales de carrera Iberica},
	year = {2010},
  url = {http://www.ibericadeautomatismos.com/pub/ibc/iberica/produs/PDF/AUTOMATISMOS/MANIOBRA%20Y%20CONEXIONADO/FINALES%20DE%20CARRERA/FM.pdf}
}
@MISC{Omron:Online,
  author = {Omron},
  title = {Finales de carrera Omron},
	year = {2011},
  url = {http://industrial.omron.es/es/products/catalogue/switching_components/limit_switches/standard_switches/d4a_n/default.html}
}

@MISC{lucesSignal:Online,
  author = {Alsidoor Automatismos - Luces},
  title = {Se\~nalizaci\'on},
	year = {2011},
  url = {http://alsidoor-automatismos.com/seguridad-se%C3%83%E2%80%98alizacion-c-24_29.html}
}


@MISC{electrocerraduraFAACworld,
  author = {Electro FAAC WORLD},
  title = {Electrocerraduras},
	year = {2007},
  url = {http://es.faacgroup.com/index.php?id=1539&tx_ttnews[backPid]=1505&tx_ttnews[tt_news]=158&cHash=d633ea6402}
}

@MISC{motoresAbatibles,
  author = {Alsidoor Automatismos - Motores abatibles},
  title = {Motores},
	year = {2011},
  url = {http://alsidoor-automatismos.com/motores-para-puertas-abatibles-motores-c-16_18.html}
}

@MISC{RFdeRS:Online,
  author = {RS},
  title = {Sistemas de Control Remoto},
	year = {2011},
  url = {http://es.rs-online.com/web/search/searchBrowseAction.html?method=retrieveTfg&Ne=4294958129&N=4294957656}
}

@MISC{fuentesAlimentacion:Online,
  author = {electronica facil},
  title = {Fuentes de alimentaci\'on},
	year = {2004},
  url = {http://www.electronicafacil.net/tutoriales/Fuentes-alimentacion.php}
}

@book{ProyectoAlvaroLadron:2011,
 author = {\'Alvaro Ladr\'on de Guevara L\'opez S\'aez},
 title = {Sistema de medida para detección de defectos en materiales compuestos avanzados mediante t\'ecnicas vibro-ac\'usticas},
 year = {2011},
 isbn = {},
 publisher = {Ed Universidad de Granada}
}

@article{RoldanAM:uEJ,
title = "A DC behavioral electrical model for quasi-linear spin-valve devices including thermal effects for circuit simulation",
journal = "Microelectronics Journal",
volume = "42",
number = "2",
pages = "365 - 370",
year = "2011",
note = "",
issn = "0026-2692",
doi = "DOI: 10.1016/j.mejo.2010.10.005",
url = "http://www.sciencedirect.com/science/article/B6V44-51BDT2C-1/2/41a5312421f3adf51dd173155dfaf4eb",
author = "Andrés M. Roldán and Juan B. Roldán and Càndid Reig and M.-D. Cubells-Beltrán and Diego Ramírez and Susana Cardoso and Paulo P. Freitas",
keywords = "Verilog-A",
keywords = "Spin-valve",
keywords = "Giant magnetoresistance",
keywords = "Quasi-linear",
keywords = "Thermal model",
keywords = "Circuit simulation"
}

@CONFERENCE{Ibernam2009,
author={Reig, C. and Cubells,M.D. and Ramírez, D. and Roldán, A.  and Roldán, J.B. and Cardoso, S.  and  Freitas, P.P.},
booktitle={Ibernam 2009},
booktitle={Ibernam 2009},
title={GMR Current Sensors for IC applications},
year={2009}
}
